@book{mackay2003information,
  title="Information Theory, Inference, and Learning Algorithms",
  author={MacKay, David JC},
  publisher="Cambridge University Press",
  year={2003}
}

@book{bishop2006pattern,
  title={Pattern recognition and machine learning},
  author={Bishop, Christopher M},
  volume={1},
  year={2006},
  publisher={springer New York}
}

